%YAML 1.1
%TAG !u! tag:unity3d.com,2011:
--- !u!1 &127136617298012524
GameObject:
  m_ObjectHideFlags: 0
  m_CorrespondingSourceObject: {fileID: 0}
  m_PrefabInstance: {fileID: 0}
  m_PrefabAsset: {fileID: 0}
  serializedVersion: 6
  m_Component:
  - component: {fileID: 1622630588800170456}
  - component: {fileID: 8913265922942810994}
  - component: {fileID: 6215268686964126169}
  - component: {fileID: 4724065600170512471}
  - component: {fileID: 7355299461913440963}
  - component: {fileID: 6572542656412759912}
  - component: {fileID: 5625602259579345183}
  - component: {fileID: 48457240437236902}
  - component: {fileID: 1317544912704010502}
  - component: {fileID: 6319706484692894017}
  m_Layer: 0
  m_Name: Video
  m_TagString: Untagged
  m_Icon: {fileID: 0}
  m_NavMeshLayer: 0
  m_StaticEditorFlags: 0
  m_IsActive: 1
--- !u!4 &1622630588800170456
Transform:
  m_ObjectHideFlags: 0
  m_CorrespondingSourceObject: {fileID: 0}
  m_PrefabInstance: {fileID: 0}
  m_PrefabAsset: {fileID: 0}
  m_GameObject: {fileID: 127136617298012524}
  m_LocalRotation: {x: -0.7071068, y: 0, z: 0, w: 0.7071068}
  m_LocalPosition: {x: 0, y: 0, z: 0}
  m_LocalScale: {x: 0.1, y: 0.005, z: -0.1}
  m_Children:
  - {fileID: 1493006868050628873}
  - {fileID: 4308725261825638970}
  - {fileID: 4779067302766077781}
  m_Father: {fileID: 0}
  m_RootOrder: 0
  m_LocalEulerAnglesHint: {x: -90, y: 0, z: 0}
--- !u!33 &8913265922942810994
MeshFilter:
  m_ObjectHideFlags: 0
  m_CorrespondingSourceObject: {fileID: 0}
  m_PrefabInstance: {fileID: 0}
  m_PrefabAsset: {fileID: 0}
  m_GameObject: {fileID: 127136617298012524}
  m_Mesh: {fileID: 10202, guid: 0000000000000000e000000000000000, type: 0}
--- !u!23 &6215268686964126169
MeshRenderer:
  m_ObjectHideFlags: 0
  m_CorrespondingSourceObject: {fileID: 0}
  m_PrefabInstance: {fileID: 0}
  m_PrefabAsset: {fileID: 0}
  m_GameObject: {fileID: 127136617298012524}
  m_Enabled: 1
  m_CastShadows: 1
  m_ReceiveShadows: 1
  m_DynamicOccludee: 1
  m_MotionVectors: 1
  m_LightProbeUsage: 1
  m_ReflectionProbeUsage: 1
  m_RayTracingMode: 2
  m_RayTraceProcedural: 0
  m_RenderingLayerMask: 1
  m_RendererPriority: 0
  m_Materials:
  - {fileID: 2100000, guid: 75b75e9408d80de4699e6ddd755b7bf8, type: 2}
  m_StaticBatchInfo:
    firstSubMesh: 0
    subMeshCount: 0
  m_StaticBatchRoot: {fileID: 0}
  m_ProbeAnchor: {fileID: 0}
  m_LightProbeVolumeOverride: {fileID: 0}
  m_ScaleInLightmap: 1
  m_ReceiveGI: 1
  m_PreserveUVs: 0
  m_IgnoreNormalsForChartDetection: 0
  m_ImportantGI: 0
  m_StitchLightmapSeams: 1
  m_SelectedEditorRenderState: 3
  m_MinimumChartSize: 4
  m_AutoUVMaxDistance: 0.5
  m_AutoUVMaxAngle: 89
  m_LightmapParameters: {fileID: 0}
  m_SortingLayerID: 0
  m_SortingLayer: 0
  m_SortingOrder: 0
  m_AdditionalVertexStreams: {fileID: 0}
--- !u!328 &4724065600170512471
VideoPlayer:
  m_ObjectHideFlags: 0
  m_CorrespondingSourceObject: {fileID: 0}
  m_PrefabInstance: {fileID: 0}
  m_PrefabAsset: {fileID: 0}
  m_GameObject: {fileID: 127136617298012524}
  m_Enabled: 1
  m_VideoClip: {fileID: 0}
  m_TargetCameraAlpha: 1
  m_TargetCamera3DLayout: 0
  m_TargetCamera: {fileID: 0}
  m_TargetTexture: {fileID: 0}
  m_TimeReference: 0
  m_TargetMaterialRenderer: {fileID: 0}
  m_TargetMaterialProperty: _MainTex
  m_RenderMode: 3
  m_AspectRatio: 2
  m_DataSource: 1
  m_PlaybackSpeed: 1
  m_AudioOutputMode: 2
  m_TargetAudioSources:
  - {fileID: 0}
  m_DirectAudioVolumes:
  - 1
  m_Url: 
  m_EnabledAudioTracks: 01
  m_DirectAudioMutes: 00
  m_ControlledAudioTrackCount: 1
  m_PlayOnAwake: 1
  m_SkipOnDrop: 1
  m_Looping: 1
  m_WaitForFirstFrame: 1
  m_FrameReadyEventEnabled: 0
  m_VideoShaders: []
--- !u!65 &7355299461913440963
BoxCollider:
  m_ObjectHideFlags: 0
  m_CorrespondingSourceObject: {fileID: 0}
  m_PrefabInstance: {fileID: 0}
  m_PrefabAsset: {fileID: 0}
  m_GameObject: {fileID: 127136617298012524}
  m_Material: {fileID: 0}
  m_IsTrigger: 0
  m_Enabled: 1
  serializedVersion: 2
  m_Size: {x: 1, y: 1, z: 1}
  m_Center: {x: 0, y: 0, z: 0}
--- !u!114 &6572542656412759912
MonoBehaviour:
  m_ObjectHideFlags: 0
  m_CorrespondingSourceObject: {fileID: 0}
  m_PrefabInstance: {fileID: 0}
  m_PrefabAsset: {fileID: 0}
  m_GameObject: {fileID: 127136617298012524}
  m_Enabled: 1
  m_EditorHideFlags: 0
  m_Script: {fileID: 11500000, guid: 1bd66f6cb24f4964190a64a8ab21019d, type: 3}
  m_Name: 
  m_EditorClassIdentifier: 
  counter: 1
  isCounting: 0
  reacts: 
  reactsParent: {fileID: 5810494671855182589}
  category: 
  test: 
  selection: {fileID: 6369631884900393951}
--- !u!114 &5625602259579345183
MonoBehaviour:
  m_ObjectHideFlags: 0
  m_CorrespondingSourceObject: {fileID: 0}
  m_PrefabInstance: {fileID: 0}
  m_PrefabAsset: {fileID: 0}
  m_GameObject: {fileID: 127136617298012524}
  m_Enabled: 0
  m_EditorHideFlags: 0
  m_Script: {fileID: 11500000, guid: 7c73c1ab94e28d244827af556dca1ed2, type: 3}
  m_Name: 
  m_EditorClassIdentifier: 
  Use:
    Filter: 0
    IgnoreStartedOverGui: 1
    RequiredFingerCount: 0
    RequiredMouseButtons: 0
    RequiredSelectable: {fileID: 0}
  _camera: {fileID: 0}
  relative: 0
  sensitivity: 1
  damping: -1
  remainingScale: {x: 0, y: 0, z: 0}
--- !u!114 &48457240437236902
MonoBehaviour:
  m_ObjectHideFlags: 0
  m_CorrespondingSourceObject: {fileID: 0}
  m_PrefabInstance: {fileID: 0}
  m_PrefabAsset: {fileID: 0}
  m_GameObject: {fileID: 127136617298012524}
  m_Enabled: 0
  m_EditorHideFlags: 0
  m_Script: {fileID: 11500000, guid: dc7c91b26689a054d88448aba6dfe424, type: 3}
  m_Name: 
  m_EditorClassIdentifier: 
  Use:
    Filter: 0
    IgnoreStartedOverGui: 1
    RequiredFingerCount: 0
    RequiredMouseButtons: 0
    RequiredSelectable: {fileID: 0}
  axis: {x: 0, y: -1, z: 0}
  space: 1
  sensitivity: 1
--- !u!114 &1317544912704010502
MonoBehaviour:
  m_ObjectHideFlags: 0
  m_CorrespondingSourceObject: {fileID: 0}
  m_PrefabInstance: {fileID: 0}
  m_PrefabAsset: {fileID: 0}
  m_GameObject: {fileID: 127136617298012524}
  m_Enabled: 0
  m_EditorHideFlags: 0
  m_Script: {fileID: 11500000, guid: 4eda371e5375f454490a86f21559ee38, type: 3}
  m_Name: 
  m_EditorClassIdentifier: 
  Use:
    Filter: 0
    IgnoreStartedOverGui: 1
    RequiredFingerCount: 0
    RequiredMouseButtons: 0
    RequiredSelectable: {fileID: 0}
  _camera: {fileID: 0}
  sensitivity: 1
  damping: -1
  inertia: 0
  remainingTranslation: {x: 0, y: 0, z: 0}
--- !u!114 &6319706484692894017
MonoBehaviour:
  m_ObjectHideFlags: 0
  m_CorrespondingSourceObject: {fileID: 0}
  m_PrefabInstance: {fileID: 0}
  m_PrefabAsset: {fileID: 0}
  m_GameObject: {fileID: 127136617298012524}
  m_Enabled: 1
  m_EditorHideFlags: 0
  m_Script: {fileID: 11500000, guid: 1fc98219a83dff145947365dc914d06e, type: 3}
  m_Name: 
  m_EditorClassIdentifier: 
  tapThreshold: 0.2
  swipeThreshold: 100
  referenceDpi: 200
  guiLayers:
    serializedVersion: 2
    m_Bits: 32
  useTouch: 1
  useHover: 1
  useMouse: 1
  useSimulator: 1
  recordFingers: 1
  recordThreshold: 5
  recordLimit: 10
--- !u!1 &6369631884900393951
GameObject:
  m_ObjectHideFlags: 0
  m_CorrespondingSourceObject: {fileID: 0}
  m_PrefabInstance: {fileID: 0}
  m_PrefabAsset: {fileID: 0}
  serializedVersion: 6
  m_Component:
  - component: {fileID: 4779067302766077781}
  - component: {fileID: 6398267778626405880}
  - component: {fileID: 9051207547581672806}
  - component: {fileID: 2634545737706650895}
  m_Layer: 0
  m_Name: Cube
  m_TagString: Untagged
  m_Icon: {fileID: 0}
  m_NavMeshLayer: 0
  m_StaticEditorFlags: 0
  m_IsActive: 0
--- !u!4 &4779067302766077781
Transform:
  m_ObjectHideFlags: 0
  m_CorrespondingSourceObject: {fileID: 0}
  m_PrefabInstance: {fileID: 0}
  m_PrefabAsset: {fileID: 0}
  m_GameObject: {fileID: 6369631884900393951}
  m_LocalRotation: {x: -0, y: -0, z: -0, w: 1}
  m_LocalPosition: {x: 0.082, y: 0, z: -0.158}
  m_LocalScale: {x: 1.4258814, y: 0.245938, z: -1.7912111}
  m_Children: []
  m_Father: {fileID: 1622630588800170456}
  m_RootOrder: 2
  m_LocalEulerAnglesHint: {x: 0, y: 0, z: 0}
--- !u!33 &6398267778626405880
MeshFilter:
  m_ObjectHideFlags: 0
  m_CorrespondingSourceObject: {fileID: 0}
  m_PrefabInstance: {fileID: 0}
  m_PrefabAsset: {fileID: 0}
  m_GameObject: {fileID: 6369631884900393951}
  m_Mesh: {fileID: 10202, guid: 0000000000000000e000000000000000, type: 0}
--- !u!23 &9051207547581672806
MeshRenderer:
  m_ObjectHideFlags: 0
  m_CorrespondingSourceObject: {fileID: 0}
  m_PrefabInstance: {fileID: 0}
  m_PrefabAsset: {fileID: 0}
  m_GameObject: {fileID: 6369631884900393951}
  m_Enabled: 1
  m_CastShadows: 1
  m_ReceiveShadows: 1
  m_DynamicOccludee: 1
  m_MotionVectors: 1
  m_LightProbeUsage: 1
  m_ReflectionProbeUsage: 1
  m_RayTracingMode: 2
  m_RayTraceProcedural: 0
  m_RenderingLayerMask: 1
  m_RendererPriority: 0
  m_Materials:
  - {fileID: 2100000, guid: 513f46c4f2554ab498d304532b8f9ddc, type: 2}
  m_StaticBatchInfo:
    firstSubMesh: 0
    subMeshCount: 0
  m_StaticBatchRoot: {fileID: 0}
  m_ProbeAnchor: {fileID: 0}
  m_LightProbeVolumeOverride: {fileID: 0}
  m_ScaleInLightmap: 1
  m_ReceiveGI: 1
  m_PreserveUVs: 0
  m_IgnoreNormalsForChartDetection: 0
  m_ImportantGI: 0
  m_StitchLightmapSeams: 1
  m_SelectedEditorRenderState: 3
  m_MinimumChartSize: 4
  m_AutoUVMaxDistance: 0.5
  m_AutoUVMaxAngle: 89
  m_LightmapParameters: {fileID: 0}
  m_SortingLayerID: 0
  m_SortingLayer: 0
  m_SortingOrder: 0
  m_AdditionalVertexStreams: {fileID: 0}
--- !u!65 &2634545737706650895
BoxCollider:
  m_ObjectHideFlags: 0
  m_CorrespondingSourceObject: {fileID: 0}
  m_PrefabInstance: {fileID: 0}
  m_PrefabAsset: {fileID: 0}
  m_GameObject: {fileID: 6369631884900393951}
  m_Material: {fileID: 0}
  m_IsTrigger: 0
  m_Enabled: 1
  serializedVersion: 2
  m_Size: {x: 1, y: 1, z: 1}
  m_Center: {x: 0, y: 0, z: 0}
--- !u!1001 &2855007965479924207
PrefabInstance:
  m_ObjectHideFlags: 0
  serializedVersion: 2
  m_Modification:
    m_TransformParent: {fileID: 1622630588800170456}
    m_Modifications:
    - target: {fileID: 615649486970093280, guid: 5e678ab36ec0b2c44843d4c1e83cf633,
        type: 3}
      propertyPath: m_PresetInfoIsWorld
      value: 1
      objectReference: {fileID: 0}
    - target: {fileID: 2041446000174429141, guid: 5e678ab36ec0b2c44843d4c1e83cf633,
        type: 3}
      propertyPath: m_Pivot.x
      value: 0.5
      objectReference: {fileID: 0}
    - target: {fileID: 2041446000174429141, guid: 5e678ab36ec0b2c44843d4c1e83cf633,
        type: 3}
      propertyPath: m_Pivot.y
      value: 0.5
      objectReference: {fileID: 0}
    - target: {fileID: 2041446000174429141, guid: 5e678ab36ec0b2c44843d4c1e83cf633,
        type: 3}
      propertyPath: m_RootOrder
      value: 1
      objectReference: {fileID: 0}
    - target: {fileID: 2041446000174429141, guid: 5e678ab36ec0b2c44843d4c1e83cf633,
        type: 3}
      propertyPath: m_AnchorMax.x
      value: 0
      objectReference: {fileID: 0}
    - target: {fileID: 2041446000174429141, guid: 5e678ab36ec0b2c44843d4c1e83cf633,
        type: 3}
      propertyPath: m_AnchorMax.y
      value: 0
      objectReference: {fileID: 0}
    - target: {fileID: 2041446000174429141, guid: 5e678ab36ec0b2c44843d4c1e83cf633,
        type: 3}
      propertyPath: m_AnchorMin.x
      value: 0
      objectReference: {fileID: 0}
    - target: {fileID: 2041446000174429141, guid: 5e678ab36ec0b2c44843d4c1e83cf633,
        type: 3}
      propertyPath: m_AnchorMin.y
      value: 0
      objectReference: {fileID: 0}
    - target: {fileID: 2041446000174429141, guid: 5e678ab36ec0b2c44843d4c1e83cf633,
        type: 3}
      propertyPath: m_SizeDelta.x
      value: 200
      objectReference: {fileID: 0}
    - target: {fileID: 2041446000174429141, guid: 5e678ab36ec0b2c44843d4c1e83cf633,
        type: 3}
      propertyPath: m_SizeDelta.y
      value: 200
      objectReference: {fileID: 0}
    - target: {fileID: 2041446000174429141, guid: 5e678ab36ec0b2c44843d4c1e83cf633,
        type: 3}
      propertyPath: m_LocalPosition.x
      value: 0
      objectReference: {fileID: 0}
    - target: {fileID: 2041446000174429141, guid: 5e678ab36ec0b2c44843d4c1e83cf633,
        type: 3}
      propertyPath: m_LocalPosition.y
      value: 0
      objectReference: {fileID: 0}
    - target: {fileID: 2041446000174429141, guid: 5e678ab36ec0b2c44843d4c1e83cf633,
        type: 3}
      propertyPath: m_LocalPosition.z
      value: 0
      objectReference: {fileID: 0}
    - target: {fileID: 2041446000174429141, guid: 5e678ab36ec0b2c44843d4c1e83cf633,
        type: 3}
      propertyPath: m_LocalRotation.w
      value: 0.7071068
      objectReference: {fileID: 0}
    - target: {fileID: 2041446000174429141, guid: 5e678ab36ec0b2c44843d4c1e83cf633,
        type: 3}
      propertyPath: m_LocalRotation.x
      value: 0.7071068
      objectReference: {fileID: 0}
    - target: {fileID: 2041446000174429141, guid: 5e678ab36ec0b2c44843d4c1e83cf633,
        type: 3}
      propertyPath: m_LocalRotation.y
      value: 0
      objectReference: {fileID: 0}
    - target: {fileID: 2041446000174429141, guid: 5e678ab36ec0b2c44843d4c1e83cf633,
        type: 3}
      propertyPath: m_LocalRotation.z
      value: 0
      objectReference: {fileID: 0}
    - target: {fileID: 2041446000174429141, guid: 5e678ab36ec0b2c44843d4c1e83cf633,
        type: 3}
      propertyPath: m_AnchoredPosition.x
      value: 0
      objectReference: {fileID: 0}
    - target: {fileID: 2041446000174429141, guid: 5e678ab36ec0b2c44843d4c1e83cf633,
        type: 3}
      propertyPath: m_AnchoredPosition.y
      value: 0.7
      objectReference: {fileID: 0}
    - target: {fileID: 2041446000174429141, guid: 5e678ab36ec0b2c44843d4c1e83cf633,
        type: 3}
      propertyPath: m_LocalEulerAnglesHint.x
      value: 90
      objectReference: {fileID: 0}
    - target: {fileID: 2041446000174429141, guid: 5e678ab36ec0b2c44843d4c1e83cf633,
        type: 3}
      propertyPath: m_LocalEulerAnglesHint.y
      value: 0
      objectReference: {fileID: 0}
    - target: {fileID: 2041446000174429141, guid: 5e678ab36ec0b2c44843d4c1e83cf633,
        type: 3}
      propertyPath: m_LocalEulerAnglesHint.z
      value: 0
      objectReference: {fileID: 0}
    - target: {fileID: 2066082726511414683, guid: 5e678ab36ec0b2c44843d4c1e83cf633,
        type: 3}
      propertyPath: m_textAlignment
      value: 65535
      objectReference: {fileID: 0}
    - target: {fileID: 2066082726511414683, guid: 5e678ab36ec0b2c44843d4c1e83cf633,
        type: 3}
      propertyPath: m_TextStyleHashCode
      value: -1183493901
      objectReference: {fileID: 0}
    - target: {fileID: 8591742740355420946, guid: 5e678ab36ec0b2c44843d4c1e83cf633,
        type: 3}
      propertyPath: m_Name
      value: reacts
      objectReference: {fileID: 0}
    m_RemovedComponents: []
  m_SourcePrefab: {fileID: 100100000, guid: 5e678ab36ec0b2c44843d4c1e83cf633, type: 3}
--- !u!1 &5810494671855182589 stripped
GameObject:
  m_CorrespondingSourceObject: {fileID: 8591742740355420946, guid: 5e678ab36ec0b2c44843d4c1e83cf633,
    type: 3}
  m_PrefabInstance: {fileID: 2855007965479924207}
  m_PrefabAsset: {fileID: 0}
--- !u!224 &4308725261825638970 stripped
RectTransform:
  m_CorrespondingSourceObject: {fileID: 2041446000174429141, guid: 5e678ab36ec0b2c44843d4c1e83cf633,
    type: 3}
  m_PrefabInstance: {fileID: 2855007965479924207}
  m_PrefabAsset: {fileID: 0}
--- !u!1001 &3808693195581320762
PrefabInstance:
  m_ObjectHideFlags: 0
  serializedVersion: 2
  m_Modification:
    m_TransformParent: {fileID: 1622630588800170456}
    m_Modifications:
    - target: {fileID: 2333721805752254259, guid: 7f06fa5b602610648ad952c1e47624c0,
        type: 3}
      propertyPath: m_Pivot.x
      value: 0.5
      objectReference: {fileID: 0}
    - target: {fileID: 2333721805752254259, guid: 7f06fa5b602610648ad952c1e47624c0,
        type: 3}
      propertyPath: m_Pivot.y
      value: 0.5
      objectReference: {fileID: 0}
    - target: {fileID: 2333721805752254259, guid: 7f06fa5b602610648ad952c1e47624c0,
        type: 3}
      propertyPath: m_RootOrder
      value: 0
      objectReference: {fileID: 0}
    - target: {fileID: 2333721805752254259, guid: 7f06fa5b602610648ad952c1e47624c0,
        type: 3}
      propertyPath: m_AnchorMax.x
      value: 0
      objectReference: {fileID: 0}
    - target: {fileID: 2333721805752254259, guid: 7f06fa5b602610648ad952c1e47624c0,
        type: 3}
      propertyPath: m_AnchorMax.y
      value: 0
      objectReference: {fileID: 0}
    - target: {fileID: 2333721805752254259, guid: 7f06fa5b602610648ad952c1e47624c0,
        type: 3}
      propertyPath: m_AnchorMin.x
      value: 0
      objectReference: {fileID: 0}
    - target: {fileID: 2333721805752254259, guid: 7f06fa5b602610648ad952c1e47624c0,
        type: 3}
      propertyPath: m_AnchorMin.y
      value: 0
      objectReference: {fileID: 0}
    - target: {fileID: 2333721805752254259, guid: 7f06fa5b602610648ad952c1e47624c0,
        type: 3}
      propertyPath: m_SizeDelta.x
      value: 200
      objectReference: {fileID: 0}
    - target: {fileID: 2333721805752254259, guid: 7f06fa5b602610648ad952c1e47624c0,
        type: 3}
      propertyPath: m_SizeDelta.y
      value: 200
      objectReference: {fileID: 0}
    - target: {fileID: 2333721805752254259, guid: 7f06fa5b602610648ad952c1e47624c0,
        type: 3}
      propertyPath: m_LocalPosition.x
      value: 0
      objectReference: {fileID: 0}
    - target: {fileID: 2333721805752254259, guid: 7f06fa5b602610648ad952c1e47624c0,
        type: 3}
      propertyPath: m_LocalPosition.y
      value: 0
      objectReference: {fileID: 0}
    - target: {fileID: 2333721805752254259, guid: 7f06fa5b602610648ad952c1e47624c0,
        type: 3}
      propertyPath: m_LocalPosition.z
      value: 0
      objectReference: {fileID: 0}
    - target: {fileID: 2333721805752254259, guid: 7f06fa5b602610648ad952c1e47624c0,
        type: 3}
      propertyPath: m_LocalRotation.w
      value: 0.7071068
      objectReference: {fileID: 0}
    - target: {fileID: 2333721805752254259, guid: 7f06fa5b602610648ad952c1e47624c0,
        type: 3}
      propertyPath: m_LocalRotation.x
      value: 0.7071068
      objectReference: {fileID: 0}
    - target: {fileID: 2333721805752254259, guid: 7f06fa5b602610648ad952c1e47624c0,
        type: 3}
      propertyPath: m_LocalRotation.y
      value: 0
      objectReference: {fileID: 0}
    - target: {fileID: 2333721805752254259, guid: 7f06fa5b602610648ad952c1e47624c0,
        type: 3}
      propertyPath: m_LocalRotation.z
      value: 0
      objectReference: {fileID: 0}
    - target: {fileID: 2333721805752254259, guid: 7f06fa5b602610648ad952c1e47624c0,
        type: 3}
      propertyPath: m_AnchoredPosition.x
      value: 0
      objectReference: {fileID: 0}
    - target: {fileID: 2333721805752254259, guid: 7f06fa5b602610648ad952c1e47624c0,
        type: 3}
      propertyPath: m_AnchoredPosition.y
      value: 2.63
      objectReference: {fileID: 0}
    - target: {fileID: 2333721805752254259, guid: 7f06fa5b602610648ad952c1e47624c0,
        type: 3}
      propertyPath: m_LocalEulerAnglesHint.x
      value: 90
      objectReference: {fileID: 0}
    - target: {fileID: 2333721805752254259, guid: 7f06fa5b602610648ad952c1e47624c0,
        type: 3}
      propertyPath: m_LocalEulerAnglesHint.y
      value: 0
      objectReference: {fileID: 0}
    - target: {fileID: 2333721805752254259, guid: 7f06fa5b602610648ad952c1e47624c0,
        type: 3}
      propertyPath: m_LocalEulerAnglesHint.z
      value: 0
      objectReference: {fileID: 0}
    - target: {fileID: 5407599723665612788, guid: 7f06fa5b602610648ad952c1e47624c0,
        type: 3}
      propertyPath: m_Name
      value: ownerPlacement
      objectReference: {fileID: 0}
    m_RemovedComponents: []
  m_SourcePrefab: {fileID: 100100000, guid: 7f06fa5b602610648ad952c1e47624c0, type: 3}
--- !u!224 &1493006868050628873 stripped
RectTransform:
  m_CorrespondingSourceObject: {fileID: 2333721805752254259, guid: 7f06fa5b602610648ad952c1e47624c0,
    type: 3}
  m_PrefabInstance: {fileID: 3808693195581320762}
  m_PrefabAsset: {fileID: 0}
